<?xml version="1.0" encoding="UTF-8"?><collection xmlns="http://www.loc.gov/MARC21/slim"><record><leader>00323nam--2200121-i-4500</leader><controlfield tag="001">000007652</controlfield><controlfield tag="002">20161230</controlfield><controlfield tag="005">20161230201027</controlfield><controlfield tag="008">060222s1000------------r-----000-0-eng-d</controlfield><datafield ind1=" " ind2=" " tag="245"><subfield code="a">Atommic handbook. vol i : europe</subfield></datafield><datafield ind1=" " ind2=" " tag="260"><subfield code="a">London, Morgan Brothers Publ. Ltd., 1965. Xvi + 845 P</subfield></datafield><datafield ind1=" " ind2=" " tag="700"><subfield code="a">Shorttal, John W</subfield></datafield><datafield ind1=" " ind2=" " tag="852"><subfield code="a">24052</subfield></datafield></record></collection>